<record><leader>00000cas a22000007a 4500</leader><controlfield tag="001">10821964</controlfield><controlfield tag="008">840608d187u18uuiaudn ne      0    0eng d</controlfield><datafield ind1=" " ind2=" " tag="010"><subfield code="a">sn 84024499 </subfield></datafield><datafield ind1=" " ind2=" " tag="040"><subfield code="a">NPV</subfield><subfield code="b">eng</subfield><subfield code="c">NPV</subfield><subfield code="d">NPX</subfield><subfield code="d">INP</subfield><subfield code="d">CRL</subfield><subfield code="d">OCLCQ</subfield><subfield code="d">OCLCF</subfield></datafield><datafield ind1=" " ind2=" " tag="042"><subfield code="a">msc</subfield></datafield><datafield ind1=" " ind2=" " tag="043"><subfield code="a">n-us-ia</subfield></datafield><datafield ind1=" " ind2=" " tag="090"><subfield code="a">AN</subfield></datafield><datafield ind1="0" ind2=" " tag="130"><subfield code="a">Muscatine daily journal (Muscatine, Iowa : 1875)</subfield></datafield><datafield ind1="1" ind2="0" tag="245"><subfield code="a">Muscatine daily journal.</subfield></datafield><datafield ind1="1" ind2="3" tag="246"><subfield code="a">Daily journal</subfield></datafield><datafield ind1=" " ind2=" " tag="260"><subfield code="a">Muscatine, Iowa :</subfield><subfield code="b">Mahin Bros.</subfield></datafield><datafield ind1=" " ind2=" " tag="300"><subfield code="a">v. :</subfield><subfield code="b">ill.</subfield></datafield><datafield ind1=" " ind2=" " tag="310"><subfield code="a">Daily (except Sunday)</subfield></datafield><datafield ind1="1" ind2=" " tag="362"><subfield code="a">Began between May 1, 1873 and Feb. 5, 1875; ceased between June 24, 1884 and Jan. 2, 1896.</subfield></datafield><datafield ind1=" " ind2=" " tag="500"><subfield code="a">Publisher varies.</subfield></datafield><datafield ind1=" " ind2=" " tag="500"><subfield code="a">"Radically Republican," &lt;1876&gt;.</subfield></datafield><datafield ind1=" " ind2=" " tag="515"><subfield code="a">Frequent errors in numbering.</subfield></datafield><datafield ind1=" " ind2=" " tag="515"><subfield code="a">Issues are unnumbered, &lt;Feb. 5, 1875-Oct. 17, 1876&gt;; numbering commences with &lt;v. 23, no. 114 (Dec. 10, 1877)&gt;.</subfield></datafield><datafield ind1=" " ind2=" " tag="530"><subfield code="a">Also issued on microfilm from University Microfilms.</subfield></datafield><datafield ind1=" " ind2=" " tag="588"><subfield code="a">Description based on: Feb. 5, 1875.</subfield></datafield><datafield ind1=" " ind2=" " tag="588"><subfield code="a">Latest issue consulted: Feb. 4, 1887.</subfield></datafield><datafield ind1=" " ind2="0" tag="651"><subfield code="a">Muscatine (Iowa)</subfield><subfield code="v">Newspapers.</subfield></datafield><datafield ind1=" " ind2="0" tag="651"><subfield code="a">Muscatine County (Iowa)</subfield><subfield code="v">Newspapers.</subfield></datafield><datafield ind1=" " ind2="7" tag="655"><subfield code="a">Newspapers.</subfield><subfield code="2">fast</subfield><subfield code="0">(OCoLC)fst01423814</subfield></datafield><datafield ind1=" " ind2="7" tag="651"><subfield code="a">Iowa</subfield><subfield code="z">Muscatine.</subfield><subfield code="2">fast</subfield><subfield code="0">(OCoLC)fst01205847</subfield></datafield><datafield ind1=" " ind2="7" tag="651"><subfield code="a">Iowa</subfield><subfield code="z">Muscatine County.</subfield><subfield code="2">fast</subfield><subfield code="0">(OCoLC)fst01208032</subfield></datafield><datafield ind1=" " ind2=" " tag="752"><subfield code="a">United States</subfield><subfield code="b">Iowa</subfield><subfield code="c">Muscatine</subfield><subfield code="d">Muscatine.</subfield></datafield><datafield ind1="0" ind2=" " tag="775"><subfield code="t">Muscatine tri-weekly journal</subfield><subfield code="w">(DLC)sn 84027258</subfield><subfield code="g">&lt;Feb. 5, 1875-1881&gt;</subfield></datafield><datafield ind1="0" ind2=" " tag="775"><subfield code="t">Muscatine weekly journal</subfield><subfield code="w">(DLC)sn 84027253</subfield><subfield code="g">&lt;Feb. 5, 1875-June 24, 1884&gt;</subfield></datafield><datafield ind1="0" ind2="0" tag="780"><subfield code="t">Muscatine evening journal</subfield><subfield code="w">(DLC)sn 84027254</subfield></datafield><datafield ind1="0" ind2="0" tag="785"><subfield code="t">Evening journal (Muscatine, Iowa)</subfield><subfield code="w">(DLC)sn 88059011</subfield><subfield code="w">(OCoLC)17356177</subfield></datafield></record>